@inproceedings{agrawal1994fast,
  title={Fast algorithms for mining association rules},
  author={Agrawal, Rakesh and Srikant, Ramakrishnan and others},
  booktitle={Proc. 20th int. conf. very large data bases, VLDB},
  volume={1215},
  pages={487--499},
  year={1994}
}
@article{ivancsy2006time,
  title={A time-and memory-efficient frequent itemset discovering algorithm for association rule mining},
  author={Ivancsy, Renata and Vajk, Istvan},
  journal={International journal of computer applications in technology},
  volume={27},
  number={4},
  pages={270--280},
  year={2006},
  publisher={Inderscience Publishers}
}
@book{oliphant2006guide,
  title={A guide to NumPy},
  author={Oliphant, Travis E},
  volume={1},
  year={2006},
  publisher={Trelgol Publishing USA}
}
@inproceedings{rakesh1993mining,
  title={Mining Associations between Sets of Items in Large Databases},
  author={Rakesh, Agrawal and Imielinski, T and Swami, A},
  booktitle={Proc. of the ACM-SIGMOD 1993 Int'l Conference on Management of Data},
  pages={207--216}
}
@article{brin1997dynamic,
  title={Dynamic itemset counting and implication rules for market basket data},
  author={Brin, Sergey and Motwani, Rajeev and Ullman, Jeffrey D and Tsur, Shalom},
  journal={Acm Sigmod Record},
  volume={26},
  number={2},
  pages={255--264},
  year={1997},
  publisher={ACM}
}